@book{tapl,
  author={Benjamin C. Pierce},
  title={Types and programming languages},
  year={2002},
  publisher={The MIT Press}
}

@article{WF-DOT-2016,
  title={{T}he {E}ssence of {D}ependent {O}bject {T}ypes},
  author={Tiark Rompf, Nada Amin, Samuel Gr√ºtter, Martin Odersky, Sandro Stucki},
  year={2016},
  journal={{WF ({W}adler {F}est}}}}
}

@article{OOPSLA-DOT-2016,
  title={Type {S}oundness for {D}ependent {O}bject {T}ypes ({DOT})},
  author={Tiark Rompf, Nada Amin},
  year={2016},
  journal={{OOPSLA}}
}

@article{OOPSLA-DOT-2016,
  title={Type {S}oundness for {D}ependent {O}bject {T}ypes ({DOT})},
  author={Tiark Rompf, Nada Amin},
  year={2016},
  journal={{OOPSLA}}
}